<?xml version="1.0" encoding="UTF-8"?><collection xmlns="http://www.loc.gov/MARC21/slim"><record><leader>00742nam--2200181-i-4500</leader><controlfield tag="001">000032290</controlfield><controlfield tag="002">20161230</controlfield><controlfield tag="005">20161230201039</controlfield><controlfield tag="008">060222s1000------------r-----000-0-eng-d</controlfield><datafield ind1=" " ind2=" " tag="040"><subfield code="a">IFIN-HH</subfield></datafield><datafield ind1=" " ind2=" " tag="080"><subfield code="a">539.12.04:061.3:576.8</subfield></datafield><datafield ind1="1" ind2=" " tag="110"><subfield code="a">International Atomic Energy Agency</subfield></datafield><datafield ind1="1" ind2="0" tag="245"><subfield code="a">Microbiological problems in food preservation by irradiation</subfield><subfield code="b">Raport of panel on microbiological problems in food preservation by irradiation organized by the joint fao/iaea division of atomic energy in food and agriculture and held in vienna, 27 june - 1 july 1966</subfield></datafield><datafield ind1=" " ind2=" " tag="260"><subfield code="a">Vienna</subfield><subfield code="b">International Atomic Energy Acency</subfield><subfield code="c">1967</subfield></datafield><datafield ind1=" " ind2=" " tag="300"><subfield code="a">148P</subfield></datafield><datafield ind1=" " ind2=" " tag="490"><subfield code="a">Panel Proceedings Series</subfield></datafield><datafield ind1=" " ind2=" " tag="852"><subfield code="a">37682</subfield><subfield code="c">539.12.04</subfield></datafield><datafield ind1=" " ind2=" " tag="CAT"><subfield code="a">Sys</subfield><subfield code="c">20120207</subfield><subfield code="h">133959</subfield></datafield></record></collection>